@article{Freed:1974vo,
author = {Freed, Karl F},
title = {{Theoretical foundations of purely semiempirical quantum chemistry}},
journal = {J. Chem. Phys.},
year = {1974},
volume = {60},
number = {5},
pages = {1765--1788}
}

@article{Knowles:1984ud,
author = {Knowles, Peter J and Handy, Nicholas C},
title = {{A New Determinant-Based Full Configuration-Interaction Method}},
journal = {Chem. Phys. Lett.},
year = {1984},
volume = {111},
number = {4-5},
pages = {315--321}
}

@article{Wouters:2016fb,
author = {Wouters, Sebastian and Van Speybroeck, Veronique and Van Neck, Dimitri},
title = {{DMRG-CASPT2 study of the longitudinal static second hyperpolarizability of all-trans polyenes}},
journal = {J. Chem. Phys.},
year = {2016},
volume = {145},
number = {5},
pages = {054120},
month = aug
}

@article{Guo:2016fu,
author = {Guo, Sheng and Watson, Mark A and Hu, Weifeng and Sun, Qiming and Chan, Garnet Kin-Lic},
title = {{N-Electron Valence State Perturbation Theory Based on a Density Matrix Renormalization Group Reference Function, with Applications to the Chromium Dimer and a Trimer Model of Poly( p-Phenylenevinylene)}},
journal = {J. Chem. Theory Comput.},
year = {2016},
volume = {12},
number = {4},
pages = {1583--1591},
month = apr
}

@article{Yanai:2010kf,
author = {Yanai, Takeshi and Kurashige, Yuki and Neuscamman, Eric and Chan, Garnet Kin-Lic},
title = {{Multireference quantum chemistry through a joint density matrix renormalization group and canonical transformation theory}},
journal = {J. Chem. Phys.},
year = {2010},
volume = {132},
number = {2},
pages = {024105}
}

@article{Saitow:2013ij,
author = {Saitow, Masaaki and Kurashige, Yuki and Yanai, Takeshi},
title = {{Multireference configuration interaction theory using cumulant reconstruction with internal contraction of density matrix renormalization group wave function}},
journal = {J. Chem. Phys.},
year = {2013},
volume = {139},
number = {4},
pages = {044118--044118--15}
}

@article{Kurashige:2014bq,
author = {Kurashige, Yuki and Chalupsk{\'{y}}, Jakub and Lan, Tran Nguyen and Yanai, Takeshi},
title = {{Complete active space second-order perturbation theory with cumulant approximation for extended active-space wavefunction from density matrix renormalization group}},
journal = {J. Chem. Phys.},
year = {2014},
volume = {141},
number = {17},
pages = {174111},
}
